<?xml version="1.0" encoding="UTF-8"?><record xmlns="http://www.loc.gov/MARC21/slim" xmlns:cinclude="http://apache.org/cocoon/include/1.0" xmlns:zs="http://www.loc.gov/zing/srw/">
  <leader>00565cz  a2200157n  4500</leader>
  <controlfield tag="001">n  92801166 </controlfield>
  <controlfield tag="003">DLC</controlfield>
  <controlfield tag="005">19920512124029.9</controlfield>
  <controlfield tag="008">920423n| acannaab|          |a ana ||| b</controlfield>
  <datafield tag="010" ind1=" " ind2=" ">
    <subfield code="a">n  92801166 </subfield>
  </datafield>
  <datafield tag="040" ind1=" " ind2=" ">
    <subfield code="a">DNLM</subfield>
    <subfield code="c">DLC</subfield>
    <subfield code="d">DLC</subfield>
  </datafield>
  <datafield tag="110" ind1="2" ind2="0">
    <subfield code="a">Becton-Dickinson</subfield>
  </datafield>
  <datafield tag="410" ind1="2" ind2="0">
    <subfield code="a">BD</subfield>
  </datafield>
  <datafield tag="410" ind1="2" ind2="0">
    <subfield code="a">Becton Dickinson and Company</subfield>
  </datafield>
  <datafield tag="670" ind1=" " ind2=" ">
    <subfield code="a">Sharps safety [VR] c1990:</subfield>
    <subfield code="b">credit frame (Becton Dickinson; Becton Dickinson and Company) accom. text. mat. (Franklin Lakes, N.J.)</subfield>
  </datafield>
  <datafield tag="670" ind1=" " ind2=" ">
    <subfield code="a">NLM files, 3/4/92</subfield>
    <subfield code="b">(hdg.: Becton-Dickinson; usage: Becton-Dickinson, Rutherford, New Jersey; BD)</subfield>
  </datafield>
</record>